<record><leader>00000cas a22000007a 4500</leader><controlfield tag="001">23108202</controlfield><controlfield tag="008">910215d19811985couwr ne      0    0eng d</controlfield><datafield ind1=" " ind2=" " tag="010"><subfield code="a">sn 91052094 </subfield></datafield><datafield ind1=" " ind2=" " tag="040"><subfield code="a">CNQ</subfield><subfield code="b">eng</subfield><subfield code="c">CNQ</subfield><subfield code="d">OCLCQ</subfield></datafield><datafield ind1=" " ind2=" " tag="042"><subfield code="a">msc</subfield></datafield><datafield ind1="0" ind2=" " tag="130"><subfield code="a">Weekly newspaper* (Glenwood Springs, Colo. : 1981)</subfield></datafield><datafield ind1="1" ind2="4" tag="245"><subfield code="a">The weekly newspaper*.</subfield></datafield><datafield ind1="1" ind2="3" tag="246"><subfield code="a">Free weekly newspaper</subfield></datafield><datafield ind1=" " ind2=" " tag="260"><subfield code="a">Glenwood Springs, Colo. :</subfield><subfield code="b">Linda Shoemaker</subfield></datafield><datafield ind1=" " ind2=" " tag="300"><subfield code="a">v.</subfield></datafield><datafield ind1=" " ind2=" " tag="310"><subfield code="a">Weekly</subfield></datafield><datafield ind1="0" ind2=" " tag="362"><subfield code="a">Vol. 44, no. 29 (Feb. 4, 1981)-v. 9, no. 36 (Mar. 27, 1985).</subfield></datafield><datafield ind1=" " ind2=" " tag="752"><subfield code="a">United States</subfield><subfield code="b">Colorado</subfield><subfield code="c">Garfield</subfield><subfield code="d">Glenwood Springs.</subfield></datafield><datafield ind1="0" ind2="0" tag="780"><subfield code="t">Weekly newspaper* &amp; Rocky Mountain observer</subfield><subfield code="w">(DLC)sn 91052095</subfield></datafield><datafield ind1="0" ind2="0" tag="785"><subfield code="t">Free weekly newspaper*</subfield><subfield code="w">(DLC)sn 85009913</subfield></datafield></record>